<?xml version="1.0" encoding="UTF-8"?><record xmlns="http://www.loc.gov/MARC21/slim" xmlns:cinclude="http://apache.org/cocoon/include/1.0" xmlns:zs="http://www.loc.gov/zing/srw/">
  <leader>00405nz  a2200121n  4500</leader>
  <controlfield tag="001">n  86819281 </controlfield>
  <controlfield tag="003">DLC</controlfield>
  <controlfield tag="005">19860411094737.7</controlfield>
  <controlfield tag="008">860411n| acannaab|          |n aad |||  </controlfield>
  <datafield tag="010" ind1=" " ind2=" ">
    <subfield code="a">n  86819281 </subfield>
  </datafield>
  <datafield tag="040" ind1=" " ind2=" ">
    <subfield code="a">DLC</subfield>
    <subfield code="c">DLC</subfield>
  </datafield>
  <datafield tag="100" ind1="1" ind2="0">
    <subfield code="a">Ashcom, Benjamin M.,</subfield>
    <subfield code="d">1936-</subfield>
  </datafield>
  <datafield tag="670" ind1=" " ind2=" ">
    <subfield code="a">nuc86-32173: His A taxonomy of generic teaching ... [MI] 1974</subfield>
    <subfield code="b">(hdg. on ICarbS rept.: Ashcom, Benjamin M., 1936- ; usage: Benjamin M. Ashcom)</subfield>
  </datafield>
</record>